@misc{wiki2020clique,
  title={Clique problem},
  author={Wikipedia},
  url={https://en.wikipedia.org/wiki/Clique_problem}
}

@misc{wiki2020complete,
  title={Complete graph},
  author={Wikipedia},
  url={https://en.wikipedia.org/wiki/Complete_graph}
}

@misc{wiki2020connectivity,
  title={Connectivity},
  author={Wikipedia},
  url={https://en.wikipedia.org/wiki/Connectivity_(graph_theory)}
}

@incollection{bomze1999maximum,
  title={The maximum clique problem},
  author={Bomze, Immanuel M and Budinich, Marco and Pardalos, Panos M and Pelillo, Marcello},
  booktitle={Handbook of combinatorial optimization},
  pages={1--74},
  year={1999},
  publisher={Springer}
}

@article{shi2010co,
  title={Co-expression module analysis reveals biological processes, genomic gain, and regulatory mechanisms associated with breast cancer progression},
  author={Shi, Zhiao and Derow, Catherine K and Zhang, Bing},
  journal={BMC systems biology},
  volume={4},
  number={1},
  pages={1--14},
  year={2010},
  publisher={BioMed Central}
}

@article{amin1972upper,
  title={Upper bounds on the order of a clique of a graph},
  author={Amin, AT and Hakimi, SL},
  journal={SIAM Journal on Applied Mathematics},
  volume={22},
  number={4},
  pages={569--573},
  year={1972},
  publisher={SIAM}
}

@article{pattillo2013maximum,
  title={On the maximum quasi-clique problem},
  author={Pattillo, Jeffrey and Veremyev, Alexander and Butenko, Sergiy and Boginski, Vladimir},
  journal={Discrete Applied Mathematics},
  volume={161},
  number={1-2},
  pages={244--257},
  year={2013},
  publisher={Elsevier}
}